@article{toutin08,
    author  = "Thierry Toutin",
    title   = "{ASTER DEM}s for geomatic and geoscientific applications: a review",
    year    = "2008",
    journal = "{I}nternational {J}ournal of {R}emote {Sensing}",
    volume  = "29",
    number  = "7",
    pages   = "1855--1875"
}