@article{toutin08,
    author  = "Thierry Toutin",
    title   = "{ASTER DEM}s for geomatic and geoscientific applications: a review",
    year    = "2008",
    journal = "{I}nternational {J}ournal of {R}emote {Sensing}",
    volume  = "29",
    number  = "7",
    pages   = "1855--1875"
}

@article{toutin01,
    author  = "Thierry Toutin",
    title   = "{E}levation modelling from satellite visible and infrared (VIR)",
    year    = "2001",
    journal = "{REMOTE SENSING}",
    volume  = "22",
    number  = "6",
    pages   = "1097--1125"
}
